<record><leader>00000cas a22000007a 4500</leader><controlfield tag="001">18432190</controlfield><controlfield tag="008">880831d19uu198utxuwr ne      0    0eng d</controlfield><datafield ind1=" " ind2=" " tag="010"><subfield code="a">sn 88084197 </subfield></datafield><datafield ind1=" " ind2=" " tag="040"><subfield code="a">PPM</subfield><subfield code="b">eng</subfield><subfield code="c">PPM</subfield><subfield code="d">NSD</subfield><subfield code="d">OCLCQ</subfield></datafield><datafield ind1=" " ind2=" " tag="012"><subfield code="m">d</subfield></datafield><datafield ind1=" " ind2=" " tag="042"><subfield code="a">msc</subfield></datafield><datafield ind1="0" ind2="4" tag="245"><subfield code="a">The Toast of the coast herald.</subfield></datafield><datafield ind1=" " ind2=" " tag="260"><subfield code="a">Rockport, Tex. :</subfield><subfield code="b">Fred Mullins &amp; Erma Mullins</subfield></datafield><datafield ind1=" " ind2=" " tag="300"><subfield code="a">v.</subfield></datafield><datafield ind1=" " ind2=" " tag="310"><subfield code="a">Weekly</subfield></datafield><datafield ind1=" " ind2=" " tag="588"><subfield code="a">Description based on: Vol. 8, no. 51 (Aug. 13, 1980).</subfield></datafield><datafield ind1=" " ind2=" " tag="752"><subfield code="a">United States</subfield><subfield code="b">Texas</subfield><subfield code="c">Aransas</subfield><subfield code="d">Rockport.</subfield></datafield><datafield ind1="0" ind2="0" tag="785"><subfield code="t">Herald coastal bend news</subfield></datafield></record>